<?xml version="1.0" encoding="UTF-8"?><collection xmlns="http://www.loc.gov/MARC21/slim"><record><leader>00677nam--2200205-i-4500</leader><controlfield tag="001">000011616</controlfield><controlfield tag="002">20161230</controlfield><controlfield tag="005">20161230201029</controlfield><controlfield tag="008">060222s1000------------r-----000-0-rus-d</controlfield><datafield ind1=" " ind2=" " tag="040"><subfield code="a">IFIN-HH</subfield></datafield><datafield ind1=" " ind2=" " tag="041"><subfield code="a">rus</subfield></datafield><datafield ind1=" " ind2=" " tag="080"><subfield code="a">539.144</subfield></datafield><datafield ind1="1" ind2=" " tag="100"><subfield code="a">Einsenberg, Judah M</subfield></datafield><datafield ind1="1" ind2="0" tag="245"><subfield code="a">Mehanizmi vozbujdenia iadra</subfield><subfield code="b">Electromagnitnoe i slaboe vzaimodeistvia</subfield><subfield code="c">Judah m. eisenberg, v. greiner</subfield></datafield><datafield ind1=" " ind2=" " tag="260"><subfield code="a">Moskva</subfield><subfield code="b">Atomizdat</subfield><subfield code="c">1973</subfield></datafield><datafield ind1=" " ind2=" " tag="300"><subfield code="a">347P</subfield></datafield><datafield ind1=" " ind2=" " tag="500"><subfield code="a">Titlul Original In Limbaa Engleza: Nuclear Theory Volume 2. Excitation Mecanisms Of The Nucleus Electromagnetic And Weak Interactions</subfield></datafield><datafield ind1="1" ind2=" " tag="700"><subfield code="a">Greiner, W</subfield></datafield><datafield ind1=" " ind2=" " tag="852"><subfield code="a">40897</subfield><subfield code="c">539.14</subfield></datafield><datafield ind1=" " ind2=" " tag="CAT"><subfield code="a">Sys</subfield><subfield code="c">20120329</subfield><subfield code="h">131906</subfield></datafield></record></collection>